<?xml version="1.0" encoding="UTF-8"?><record xmlns="http://www.loc.gov/MARC21/slim" xmlns:cinclude="http://apache.org/cocoon/include/1.0" xmlns:zs="http://www.loc.gov/zing/srw/">
  <leader>00370nz  a2200121n  4500</leader>
  <controlfield tag="001">n  87823367 </controlfield>
  <controlfield tag="003">DLC</controlfield>
  <controlfield tag="005">19870413095108.0</controlfield>
  <controlfield tag="008">870413n| acannaab|          |n aad |||  </controlfield>
  <datafield tag="010" ind1=" " ind2=" ">
    <subfield code="a">n  87823367 </subfield>
  </datafield>
  <datafield tag="040" ind1=" " ind2=" ">
    <subfield code="a">DLC</subfield>
    <subfield code="c">DLC</subfield>
  </datafield>
  <datafield tag="100" ind1="1" ind2="0">
    <subfield code="a">Church, W. L.</subfield>
  </datafield>
  <datafield tag="670" ind1=" " ind2=" ">
    <subfield code="a">nuc87-32165: Author's Private lands and public recreation, 1979</subfield>
    <subfield code="b">(hdg. on NcRS rept.: Church, W. L.; usage: W.L. Church)</subfield>
  </datafield>
</record>